% Encoding: UTF-8

@Article{lang04,
  author  = {Langville, Amy and Meyer, Carl},
  title   = {The Use of the Linear Algebra by Web Search Engines},
  journal = {IMAGE Newsletter},
  year    = {2004},
  volume  = {33},
  month   = {01},
}

@Comment{jabref-meta: databaseType:bibtex;}
